@mastersthesis{psolnbody,
    author = "Joel A. Dyck",
    title = "Periodic Solutions to the n-Body Problem",
    school = "The University of Manitoba",
    year = "2015"
}
